@techreport{3gpp-tr-21.917,
    author = {3GPP},
    title = {TR 21.917 “Release 17 Description; Summary of Rel-17 Work Items” v17.0.1},
    year = {January 2023}
}

@ARTICLE{overview-rel-17-18-saad,
  author={Saad, Malik Muhammad and Tariq, Muhammad Ashar and Khan, Muhammad Toaha Raza and Kim, Dongkyun},
  journal={IEEE Internet of Things Magazine}, 
  title={Non-Terrestrial Networks: An Overview of 3GPP Release 17 \& 18}, 
  year={2024},
  volume={7},
  number={1},
  pages={20-26},
  keywords={5G mobile communication;Satellite broadcasting;Standardization;Network architecture;Autonomous aerial vehicles;3GPP;Internet of Things},
  doi={10.1109/IOTM.001.2300154}}


@ARTICLE{ntn-6g-era-challenges-giordani,
  author={Giordani, Marco and Zorzi, Michele},
  journal={IEEE Network}, 
  title={Non-Terrestrial Networks in the 6G Era: Challenges and Opportunities}, 
  year={2021},
  volume={35},
  number={2},
  pages={244-251},
  keywords={6G mobile communication;Wireless networks;Millimeter wave technology;Ecosystems;Logic gates;Energy efficiency},
  doi={10.1109/MNET.011.2000493}}

@INPROCEEDINGS{main-features-5g-nr-ntn-yun,
  author={Yun, Mi-Young and Kim, Jihyung and You, Dukhyun and Lee, Moon-Sik},
  booktitle={2021 International Conference on Information and Communication Technology Convergence (ICTC)}, 
  title={Main features of 5G New Radio for Non-Terrestrial Networks}, 
  year={2021},
  volume={},
  number={},
  pages={1474-1478},
  keywords={6G mobile communication;Ecosystems;Standardization;Economies of scale;New Radio;Information and communication technology;3GPP;5G NR;Non-terrestrial networks;satellites},
  doi={10.1109/ICTC52510.2021.9620941}}

@techreport{3gpp-tr-38.811,
    title = {TR 38.811 “Study on New Radio (NR) to support non-terrestrial networks” v15.4.0},
    author = {3gpp},
    year = {October 2020} 
}

@INPROCEEDINGS{5g-beyond-5g-ntn-trends-vanellicoralli,
  author={Vanelli-Coralli, Alessandro and Guidotti, Alessandro and Foggi, Tommaso and Colavolpe, Giulio and Montorsi, Guido},
  booktitle={2020 IEEE 3rd 5G World Forum (5GWF)}, 
  title={5G and Beyond 5G Non-Terrestrial Networks: trends and research challenges}, 
  year={2020},
  volume={},
  number={},
  pages={163-169},
  keywords={6G mobile communication;Technological innovation;Satellites;5G mobile communication;Scalability;3GPP;Reliability;Satellite Communications;Non-Terrestrial Networks;PHY/MAC procedures;System architecture},
  doi={10.1109/5GWF49715.2020.9221119}}

@INPROCEEDINGS{5g-nr-communication-geo-leo-maattanen,
  author={Maattanen, Helka-Liina and Hofstrom, Bjorn and Euler, Sebastian and Sedin, Jonas and Lin, Xingqin and Liberg, Olof and Masini, Gino and Israelsson, Martin},
  booktitle={2019 IEEE Global Communications Conference (GLOBECOM)}, 
  title={5G NR Communication over GEO or LEO Satellite Systems: 3GPP RAN Higher Layer Standardization Aspects}, 
  year={2019},
  volume={},
  number={},
  pages={1-6},
  keywords={Satellite broadcasting;3GPP;Orbits;5G mobile communication;Payloads;Low earth orbit satellites;Protocols},
  doi={10.1109/GLOBECOM38437.2019.9014090}}

@INPROCEEDINGS{applying-nr-technologies-in-ntn-lee,
  author={Lee, Sangmin and Shin, Minsu and Chang, Dae-Ig},
  booktitle={2020 International Conference on Information and Communication Technology Convergence (ICTC)}, 
  title={Applying New Radio Technologies in Non-Terrestrial Network and Following Issues}, 
  year={2020},
  volume={},
  number={},
  pages={1019-1021},
  keywords={New Radio;Timing;Information and communication technology;3GPP;Satellite communication;Convergence;5G NR;3GPP;non-terrestrial network;satellite communications},
  doi={10.1109/ICTC49870.2020.9289593}}

@ARTICLE{satellite-5g-integration-network-giambene,
  author={Giambene, Giovanni and Kota, Sastri and Pillai, Prashant},
  journal={IEEE Network}, 
  title={Satellite-5G Integration: A Network Perspective}, 
  year={2018},
  volume={32},
  number={5},
  pages={25-31},
  keywords={5G mobile communication;Satellite broadcasting;Low earth orbit satellites;High-temperature superconductors;Orbits;Wireless communication},
  doi={10.1109/MNET.2018.1800037}}

@INPROCEEDINGS{satellite-communication-mmwave-giordani,
  author={Giordani, Marco and Zorzi, Michele},
  booktitle={2020 International Conference on Computing, Networking and Communications (ICNC)}, 
  title={Satellite Communication at Millimeter Waves: a Key Enabler of the 6G Era}, 
  year={2020},
  volume={},
  number={},
  pages={383-388},
  keywords={6G mobile communication;Wireless communication;Technological innovation;Three-dimensional displays;5G mobile communication;Satellite broadcasting;Millimeter wave communication;6G;satellite communication;millimeter wave (mmWave);performance evaluation.},
  doi={10.1109/ICNC47757.2020.9049651}}

@INPROCEEDINGS{performance-ntn-support-iot-wang,
  author={Wang, Dengke and Traspadini, Alessandro and Giordani, Marco and Alouini, Mohamed-Slim and Zorzi, Michele},
  booktitle={2022 56th Asilomar Conference on Signals, Systems, and Computers}, 
  title={On the Performance of Non-Terrestrial Networks to Support the Internet of Things}, 
  year={2022},
  volume={},
  number={},
  pages={881-887},
  keywords={Satellites;Low earth orbit satellites;Focusing;Logic gates;Sensors;Internet of Things;Relays;Internet of Things (IoT);non-terrestrial network (NTN);Low-Power Wide Area Networks (LPWANs);SigFox;LoRa;NB-IoT;offloading},
  doi={10.1109/IEEECONF56349.2022.10052102}}

@INPROCEEDINGS{ntn-from-5g-6g-hassan,
  author={Hassan, Mohamad Sayed and Saha, Chiranjib and Lianghai, Ji and Alvarino, Alberto Rico and Ma, Jun and Liu, Le and Wu, Qiang},
  booktitle={2023 IEEE International Conference on Wireless for Space and Extreme Environments (WiSEE)}, 
  title={NTN: from 5G NR to 6G}, 
  year={2023},
  volume={},
  number={},
  pages={173-178},
  keywords={6G mobile communication;Wireless communication;Technological innovation;Virtual reality;New Radio;3GPP;Vehicle-to-everything;5G NTN;6G;satellite communications;3GPP},
  doi={10.1109/WiSEE58383.2023.10289427}}

@techreport{3gpp-tr-38.821,
    author = {3GPP},
    title = {TR 38.821 “Solutions for NR to support Non-Terrestrial Networks (NTN)” v16.2.0},
    year = {April 2023}
}

@INPROCEEDINGS{overview-sdr-platform-open-source-bozis,
  author={Bozis, Emmanouil-Zafeirios G. and Batistatos, Michael C. and Sagias, Nikos C.},
  booktitle={2022 Panhellenic Conference on Electronics \& Telecommunications (PACET)}, 
  title={Overview Of SDR Platforms Based On Open Source Software: A 5G System Emulation With Open Air Interface}, 
  year={2022},
  volume={},
  number={},
  pages={1-5},
  keywords={Wireless communication;Protocols;Costs;5G mobile communication;Linux;Emulation;Communication channels;Software Defined Radio;5G;open source software;GNU Radio;Open Air Interface},
  doi={10.1109/PACET56979.2022.9976373}}

@INPROCEEDINGS{doppler-shift-estimation-5g-nr-ntn-lin,
  author={Lin, Xingqin and Lin, Zhipeng and Löwenmark, Stefan Eriksson and Rune, Johan and Karlsson, Robert and Ericsson},
  booktitle={2021 IEEE Global Communications Conference (GLOBECOM)}, 
  title={Doppler Shift Estimation in 5G New Radio Non-Terrestrial Networks}, 
  year={2021},
  volume={},
  number={},
  pages={1-6},
  keywords={Doppler shift;Performance evaluation;Global navigation satellite system;OFDM;Simulation;Satellite broadcasting;New Radio},
  doi={10.1109/GLOBECOM46510.2021.9685184}}

 @inproceedings{sem-ns3-magrin,
author = {Magrin, Davide and Zhou, Dizhi and Zorzi, Michele},
year = {2019},
month = {11},
pages = {121-125},
title = {A Simulation Execution Manager for ns-3: Encouraging reproducibility and simplifying statistical analysis of ns-3 simulations},
isbn = {978-1-4503-6904-6},
doi = {10.1145/3345768.3355942}
}

@ARTICLE{potential-multilayered-nierarchical-ntn-wang,
  author={Wang, Dengke and Giordani, Marco and Alouini, Mohamed-Slim and Zorzi, Michele},
  journal={IEEE Vehicular Technology Magazine}, 
  title={The Potential of Multilayered Hierarchical Nonterrestrial Networks for 6G: A Comparative Analysis Among Networking Architectures}, 
  year={2021},
  volume={16},
  number={3},
  pages={99-107},
  keywords={Satellite broadcasting;Relays;Low earth orbit satellites;3GPP;Satellites;Safety},
  doi={10.1109/MVT.2021.3085168}}

@INPROCEEDINGS{random-access-preamble-design-3gpp-ntn-khan,
  author={Khan, Talha Ahmed and Lin, Xingqin},
  booktitle={2021 IEEE Globecom Workshops (GC Wkshps)}, 
  title={Random Access Preamble Design for 3GPP Non-terrestrial Networks}, 
  year={2021},
  volume={},
  number={},
  pages={1-5},
  keywords={Doppler shift;Simulation;Physical layer;New Radio;Frequency estimation;Timing;Proposals;NTN;Non-terrestrial networks;LEO satellite;Satellite communications;Doppler shift;Random access;PRACH},
  doi={10.1109/GCWkshps52748.2021.9681944}}

@inproceedings{implementation-channel-model-ntn-sandri, series={WNS3 2023},
   title={Implementation of a Channel Model for Non-Terrestrial Networks in ns-3},
   url={http://dx.doi.org/10.1145/3592149.3592158},
   DOI={10.1145/3592149.3592158},
   booktitle={Proceedings of the 2023 Workshop on ns-3},
   publisher={ACM},
   author={Sandri, Mattia and Pagin, Matteo and Giordani, Marco and Zorzi, Michele},
   year={2023},
   month=jun, collection={WNS3 2023} }

@ARTICLE{building-5g-ntn-using-oai-kaltenberger,
author = {Kaltenberger, Florian and Schlichter, Thomas and Heyn, Thomas and Casati, Guido and Völk, Florian and Schwarz, Robert and Knopp, A.},
year = {2021},
month = {04},
pages = {},
title = {Building a 5G Non-Terrestrial Network using OpenAirInterface Open-source Software},
doi = {10.13140/RG.2.2.21662.66881}
}

@ARTICLE{6g-challenge-opportunity-base-pyramid,
  author={Yaacoub, Elias and Alouini, Mohamed-Slim},
  journal={Proceedings of the IEEE}, 
  title={A Key 6G Challenge and Opportunity—Connecting the Base of the Pyramid: A Survey on Rural Connectivity}, 
  year={2020},
  volume={108},
  number={4},
  pages={533-582},
  keywords={6G mobile communication;Rural areas;Backhaul;Satellite communication;Wireless communication;6G; backhaul;fronthaul;rural connectivity;satellite;wireless communications},
  doi={10.1109/JPROC.2020.2976703}}

@ARTICLE{harq-wireless-communications-survey,
  author={Ahmed, Ashfaq and Al-Dweik, Arafat and Iraqi, Youssef and Mukhtar, Husameldin and Naeem, Muhammad and Hossain, Ekram},
  journal={IEEE Communications Surveys and Tutorials}, 
  title={Hybrid Automatic Repeat Request (HARQ) in Wireless Communications Systems and Standards: A Contemporary Survey}, 
  year={2021},
  volume={23},
  number={4},
  pages={2711-2752},
  keywords={Wireless communication;Forward error correction;Quality of service;Automatic repeat request;Standards;Reliability;Receivers;Wireless communications systems;retransmission protocols;automatic repeat request (ARQ);hybrid ARQ (HARQ)},
  doi={10.1109/COMST.2021.3094401}}

@techreport{3gpp-ts-38.214,
    title = {TR 38.214 “5G NR Physical layer procedures for data” v16.5.0, Release 16},
    author = {3gpp},
    year = {April 2021} 
}

@techreport{3gpp-ts-38.300,
    title = {TR 38.300 “5G NR Overall description Stage-2” v15.9.0, Release 15},
    author = {3gpp},
    year = {April 2021} 
}

@inproceedings{hybrid-arq-schemes-muk,
  title={Hybrid ARQ Schemes},
  author={Amitav Mukherjee},
  year={2020},
  url={https://api.semanticscholar.org/CorpusID:219510991}
}

@misc{5g-nr-harq-devopedia,
  author       = {Devopedia},
  howpublished = {\href{https://devopedia.org/5g-nr-hybrid-arq}{devopedia.org}},
  title        = {"5G NR Hybrid ARQ"},
  note         = {Version 6, December 19, Accessed 2024-07-14},
  year         = {2021}
}


@misc{5g-nr-harq-sharetechnote,
  author       = {ShareTechNote},
  howpublished = {\href{https://www.sharetechnote.com/html/5G/5G_HARQ.html}{sharetechnote.com}},
  title        = {5G/NR - HARQ},
  note         = {Accessed 2024-07-14}
}

@misc{4g-phy-processing-sharetechnote,
  author       = {ShareTechNote},
  howpublished = {\href{https://www.sharetechnote.com/html/Handbook_LTE_CodeRate.html}{sharetechnote.com}},
  title        = {4G/LTE - PHY processing},
  note         = {Accessed 2024-07-14}
}

@article{sustainable-sat-com-6g,
author = {Höyhtyä, Marko and Boumard, Sandrine and Yastrebova, Anastasia and Jarvensivu, Pertti and Kiviranta, Markku and Anttonen, Antti},
year = {2022},
month = {01},
pages = {1-1},
title = {Sustainable Satellite Communications in the 6G Era: A European View for Multi-Layer Systems and Space Safety},
volume = {PP},
journal = {IEEE Access},
doi = {10.1109/ACCESS.2022.3206862},
note = {Licensed under CC-BY 4.0 public license}
}

@misc{types-of-orbits-esa,
  author       = {ESA},
  howpublished = {\href{https://www.esa.int/Enabling_Support/Space_Transportation/Types_of_orbits}{esa.int}},
  title        = {Types of orbits},
  note         = {Accessed 2024-07-15}
}

@INPROCEEDINGS{advances-comm-sat-sys,
  author={Elbert, Bruce R.},
  booktitle={Advances in Communications Satellite Systems. Proceedings of the 37th International Communications Satellite Systems Conference (ICSSC-2019)}, 
  title={Commercial communications satellites in the post-2020 era}, 
  year={2019},
  volume={},
  number={},
  pages={1-16},
  keywords={Post-2020 satellite communications;LEO;MEO;GEO systems;innovative communications satellite system advancements and applications},
  doi={10.1049/cp.2019.1235}}

@misc{regional-coverage-analysis-leo,
      title={Regional Coverage Analysis of LEO Satellites with Kepler Orbits}, 
      author={Iestyn Morgan-Jones and Pavel Loskot},
      year={2019},
      eprint={1910.10704},
      archivePrefix={arXiv},
      primaryClass={physics.space-ph},
      url={https://arxiv.org/abs/1910.10704}, 
}


@misc{connecting-ntn-rohde-schwarz,
  author       = {Rohde-Schwarz},
  howpublished = {\href{https://www.rohde-schwarz.com/us/solutions/test-and-measurement/wireless-communication/cellular-standards/5g-test-and-measurement/non-terrestrial-networks-ntn/non-terrestrial-networks-ntn_256719.html}{rohde-schwarz.com}},
  title        = {Connecting the world with 5G NTN},
  note         = {Accessed 2024-07-20}
}

@misc{leo-definition-theory-facts,
  author       = {Andrew May},
  howpublished = {\href{https://www.space.com/low-earth-orbit}{rohde-schwarz.com}},
  title        = {Low Earth orbit: Definition, theory and facts},
  note         = {Accessed 2024-07-20}
}

